@book{ugarte2008probability,
  title={Probability and Statistics with R},
  author={Ugarte, Maria Dolores and Militino, Ana F and Arnholt, Alan T},
  year={2008},
  publisher={CRC press}
}


@book{dunn2018generalized,
  title={Generalized linear models with examples in R},
  author={Dunn, Peter K and Smyth, Gordon K and others},
  volume={53},
  year={2018},
  publisher={Springer}
}

@book{almudevar2021theory,
  title={Theory of Statistical Inference},
  author={Almudevar, Anthony},
  year={2021},
  publisher={CRC Press}
}

@book{nolan2001stat,
  title={Stat labs: mathematical statistics through applications},
  author={Nolan, Deborah and Speed, Terry P},
  year={2001},
  publisher={Springer Science \& Business Media}
}